@article{Albert,
  TITLE = {{High-Dimensional Adaptive Sparse Polynomial Interpolation and Applications to Parametric PDEs}},
  AUTHOR = {Chkifa, Abdellah and Cohen, Albert and Schwab, Christoph},
  URL = {https://hal.archives-ouvertes.fr/hal-01350602},
  JOURNAL = {{Foundations of Computational Mathematics}},
  PUBLISHER = {{Springer Verlag}},
  VOLUME = {14},
  NUMBER = {4},
  PAGES = {601-633},
  YEAR = {2014},
  DOI = {10.1007/s10208-013-9154-z},
  PDF = {https://hal.archives-ouvertes.fr/hal-01350602/file/ccs_JFoCM774_rev1_cs_14Mar13.pdf},
  HAL_ID = {hal-01350602},
  HAL_VERSION = {v1}
}

@unpublished{Leja,
  TITLE = {{Multidimensional interpolation and construction for Leja and RLeja points}},
  AUTHOR = {Chkifa, Abdellah and Albert Cohen and Schwab, Christoph},
  PUBLISHER = {{Springer Verlag}},
  YEAR = {2013},
  PDF = {http://augustine.mit.edu/ljll_petit_colloque/Chkifa.pdf}
}

@phdthesis{These,
  TITLE = {{Amélioration du modèle de sections efficaces dans le code de coeur COCAGNE de la chaîne de calculs d'EDF}},
  AUTHOR = {Luu, Thi Hieu},
  PUBLISHER = {Université Pierre et Marie Curie},
  YEAR = {2017},
  TYPE = {Theses}
}

@unpublished{Luu,
  TITLE = {{A new method for reconstruction of cross-sections using Tucker decomposition}},
  AUTHOR = {Luu, Thi Hieu and Maday, Yvon and Guillo, Matthieu and Gu{\'e}rin, Pierre},
  URL = {https://hal.archives-ouvertes.fr/hal-01485419},
  NOTE = {working paper or preprint},
  YEAR = {2017},
  MONTH = Mar,
  KEYWORDS = {function approximation (reconstruction) ;  low-rank tensor ; approximation ;  Tucker decomposition ;  KarhunenL{\`o} eve decomposition ; cross-sections ;  neutronics},
  PDF = {https://hal.archives-ouvertes.fr/hal-01485419/file/TuckerModel_NeutronCrossSectionReconstruction.pdf},
  HAL_ID = {hal-01485419},
  HAL_VERSION = {v1}
}
